<record><leader>00000cas a2200000 a 4500</leader><controlfield tag="001">12581459</controlfield><controlfield tag="008">850920u194uuuuutxuwr n      o0   a0eng d</controlfield><datafield ind1=" " ind2=" " tag="010"><subfield code="a">sn 86090781 </subfield></datafield><datafield ind1=" " ind2=" " tag="040"><subfield code="a">SMI</subfield><subfield code="b">eng</subfield><subfield code="c">SMI</subfield><subfield code="d">PPM</subfield><subfield code="d">NPH</subfield><subfield code="d">PPM</subfield><subfield code="d">OCL</subfield><subfield code="d">OCLCQ</subfield><subfield code="d">OCLCF</subfield><subfield code="d">OCLCO</subfield></datafield><datafield ind1="1" ind2=" " tag="029"><subfield code="a">AU@</subfield><subfield code="b">000020443357</subfield></datafield><datafield ind1=" " ind2=" " tag="042"><subfield code="a">msc</subfield></datafield><datafield ind1=" " ind2=" " tag="043"><subfield code="a">n-us---</subfield></datafield><datafield ind1=" " ind2=" " tag="090"><subfield code="a">UG634.5.K4</subfield><subfield code="b">F64</subfield></datafield><datafield ind1="0" ind2=" " tag="130"><subfield code="a">Flying times (Kelly Field, Tex.)</subfield></datafield><datafield ind1="1" ind2="4" tag="245"><subfield code="a">The flying times.</subfield></datafield><datafield ind1=" " ind2=" " tag="260"><subfield code="a">Kelly Field, Tex. :</subfield><subfield code="b">San Antonio Air Depot Public Relations Office</subfield></datafield><datafield ind1=" " ind2=" " tag="300"><subfield code="a">v. :</subfield><subfield code="b">ill., ports. ;</subfield><subfield code="c">43 cm.</subfield></datafield><datafield ind1=" " ind2=" " tag="310"><subfield code="a">Weekly</subfield></datafield><datafield ind1=" " ind2=" " tag="530"><subfield code="a">Also on microfilm: Austin, Texas: The University of Texas, Center for American History.</subfield></datafield><datafield ind1=" " ind2=" " tag="588"><subfield code="a">Description based on: Vol. 2, no. 9 (May 7, 1943).</subfield></datafield><datafield ind1=" " ind2="0" tag="651"><subfield code="a">United States</subfield><subfield code="x">Armed Forces</subfield><subfield code="v">Newspapers.</subfield></datafield><datafield ind1=" " ind2="7" tag="655"><subfield code="a">Newspapers.</subfield><subfield code="2">fast</subfield><subfield code="0">(OCoLC)fst01423814</subfield></datafield><datafield ind1=" " ind2="7" tag="650"><subfield code="a">Armed Forces.</subfield><subfield code="2">fast</subfield><subfield code="0">(OCoLC)fst00814586</subfield></datafield><datafield ind1=" " ind2="7" tag="651"><subfield code="a">United States.</subfield><subfield code="2">fast</subfield><subfield code="0">(OCoLC)fst01204155</subfield></datafield><datafield ind1=" " ind2=" " tag="752"><subfield code="a">United States</subfield><subfield code="b">Texas</subfield><subfield code="c">Bexar</subfield><subfield code="d">San Antonio.</subfield></datafield><datafield ind1=" " ind2=" " tag="752"><subfield code="a">United States</subfield><subfield code="b">Texas</subfield><subfield code="c">Bexar</subfield><subfield code="d">Kelly Field.</subfield></datafield><datafield ind1=" " ind2=" " tag="936"><subfield code="a">May 7, 1943, June 11, 1943, Oct. 1, 1943, Nov. 5, 1943, July 8, 1944.</subfield></datafield></record>